<?xml version="1.0" encoding="UTF-8"?>
<collection xmlns:xsi="http://www.w3.org/2001/XMLSchema-instance" xsi:schemaLocation="http://www.loc.gov/MARC21/slim http://www.loc.gov/standards/marcxml/schema/MARC21slim.xsd" xmlns="http://www.loc.gov/MARC21/slim">
<record>
  <leader>01210cam a22002291i 4500</leader>
  <controlfield tag="001">2982005</controlfield>
  <controlfield tag="003">NNC</controlfield>
  <controlfield tag="005">20151019143146.0</controlfield>
  <controlfield tag="008">010223s1925    ua            000 0 ara d</controlfield>
  <datafield tag="035" ind1=" " ind2=" ">
    <subfield code="a">(OCoLC)ocm46314304</subfield>
  </datafield>
  <datafield tag="035" ind1=" " ind2=" ">
    <subfield code="9">ASM9142CU</subfield>
  </datafield>
  <datafield tag="035" ind1=" " ind2=" ">
    <subfield code="a">(NNC)2982005</subfield>
  </datafield>
  <datafield tag="040" ind1=" " ind2=" ">
    <subfield code="a">ZCU</subfield>
    <subfield code="c">ZCU</subfield>
  </datafield>
  <datafield tag="090" ind1=" " ind2=" ">
    <subfield code="a">PJ7750.A25</subfield>
    <subfield code="b">Z5</subfield>
  </datafield>
  <datafield tag="100" ind1="1" ind2=" ">
    <subfield code="a">Memon, Abdul Aziz.</subfield>
  </datafield>
  <datafield tag="245" ind1="1" ind2="0">
    <subfield code="a">Abū al-ʻAlāʾ wa-mā ilayh :</subfield>
    <subfield code="b">wa-huwa kitāb hāfil bi-tarīkhihī wa-akhbārih ... /</subfield>
    <subfield code="c">ʻAbd al-ʻAzīz al-Maymanī al-Rājkūtī al-Athrī al-Hindī.</subfield>
  </datafield>
  <datafield tag="260" ind1=" " ind2=" ">
    <subfield code="a">al-Qāhirah :</subfield>
    <subfield code="b">al-Maṭbaʻah al-Salafīyah wa-Maktabatuhā,</subfield>
    <subfield code="c">1344 [1925]</subfield>
  </datafield>
  <datafield tag="300" ind1=" " ind2=" ">
    <subfield code="a">319 p. ;</subfield>
    <subfield code="c">24 cm.</subfield>
  </datafield>
  <datafield tag="490" ind1="1" ind2=" ">
    <subfield code="a">Silsilat Dār al-Muṣannifīn ;</subfield>
    <subfield code="v">29</subfield>
  </datafield>
  <datafield tag="500" ind1=" " ind2=" ">
    <subfield code="a">Includes two works by Abū al-ʻAlāʾ al-Maʻarrī: Risālat al-malāʾikah / abrazahā wa-ṣaḥḥaḥahā wa-sharaḥahā ʻAbd al-ʻAzīz al-Maymanī al-Rājkūtī al-Salafī al-Hindī, Fāʾit shiʻr Abī al-ʻAlāʾ / jamaʻahu ʻAbd al-ʻAzīz al-Maymanī al-Salafī al-Rājkūtī. Risālat al-malāʾikah and Fāʾit shiʻr Abī al-ʻAlāʾ, each has also a separate title page.</subfield>
  </datafield>
  <datafield tag="830" ind1=" " ind2="0">
    <subfield code="a">Silsilat Dār al-Muṣannifīn ;</subfield>
    <subfield code="v">29.</subfield>
  </datafield>
  <datafield tag="955" ind1=" " ind2=" ">
    <subfield code="b">0026760495</subfield>
    <subfield code="d">glx</subfield>
    <subfield code="e">PJ7750.A25 Z5</subfield>
  </datafield>
</record>
</collection>